@inproceedings{lewis:2015,
	  title={Joint A* CCG Parsing and Semantic Role Labelling},
	    author={Lewis, Mike and He, Luheng and Zettlemoyer, Luke},
	      booktitle={Empirical Methods in Natural Language Processing},
	        year={2015}
}
